@article{halko2011finding,
  title={Finding structure with randomness: Probabilistic algorithms for constructing approximate matrix decompositions},
  author={Halko, Nathan and Martinsson, Per-Gunnar and Tropp, Joel A},
  journal={SIAM review},
  volume={53},
  number={2},
  pages={217--288},
  year={2011},
  publisher={SIAM}
}

@article{golub1970singular,
  title={Singular value decomposition and least squares solutions},
  author={Golub, Gene H and Reinsch, Christian},
  journal={Numerische Mathematik},
  volume={14},
  number={5},
  pages={403--420},
  year={1970},
  publisher={Springer}
}

@article{yang2015implementing,
  title={Implementing Randomized Matrix Algorithms in Parallel and Distributed Environments},
  author={Yang, Jiyan and Meng, Xiangrui and Mahoney, Michael W},
  journal={arXiv preprint arXiv:1502.03032},
  year={2015}
}
